@article{barnes1986hierarchical,
  title={A hierarchical {O(NlogN)} force-calculation algorithm},
  author={Barnes, Josh and Hut, Piet},
  journal={Nature},
  volume={324},
  number={6096},
  pages={446--449},
  year={1986},
  publisher={Nature Publishing Group}
}

@article{greengard1987fast,
  title={A fast algorithm for particle simulations},
  author={Greengard, Leslie and Rokhlin, Vladimir},
  journal={Journal of computational physics},
  volume={73},
  number={2},
  pages={325--348},
  year={1987},
  publisher={Elsevier}
}